@misc{motivation_science,
author = {Anya Kamenetz},
title = {The President Wants Every Student To Learn Computer Science. How Would That Work?},
year = {2016},
howpublished = {http://www.npr.org/sections/ed/2016/01/12/462698966/the-president-wants-every-student-to-learn-computer-science-how-would-that-work}
}

@misc{motivation_error_density,
   author = "Wikipedia",
   title = "Fehlerquotient --- Wikipedia{,} Die freie Enzyklop√§die",
   year = "2017",
   howpublished = {https://de.wikipedia.org/w/index.php?title=Fehlerquotient},
   note = "[Online; accessed 24-August-2017]"
}

@misc{motivation_shape_analysis,
    author = "Wikipedia",
    title = "Shape analysis (program analysis) --- Wikipedia{,} The Free Encyclopedia",
    year = "2017",
    howpublished = {https://en.wikipedia.org/w/index.php?title=Shape\_analysis\_(program\_analysis)},
    note = "[Online; accessed 24-August-2017]"
  }
}

%http://fi.ort.edu.uy/innovaportal/file/20124/1/49-pnueli_temporal_logic_of_programs.pdf
@inproceedings{Pnueli:1977:TLP:1382431.1382534,
 author = {Pnueli, Amir},
 title = {The Temporal Logic of Programs},
 booktitle = {Proceedings of the 18th Annual Symposium on Foundations of Computer Science},
 series = {SFCS '77},
 year = {1977},
 pages = {46--57},
 numpages = {12},
 url = {http://dx.doi.org/10.1109/SFCS.1977.32},
 doi = {10.1109/SFCS.1977.32},
 acmid = {1382534},
 publisher = {IEEE Computer Society},
 address = {Washington, DC, USA},
}

@book{apt2010verification,
  title={Verification of Sequential and Concurrent Programs},
  author={Apt, K. and Pnueli, A. and de Boer, F.S. and Olderog, E.R.},
  isbn={9781848827448},
  lccn={2009932111},
  series={Texts in Computer Science},
  url={https://books.google.de/books?id=9BGPVwLTkh4C},
  year={2010},
  publisher={Springer London}
}

@book{kleuker2009formale,
  title={Formale Modelle der Softwareentwicklung: Model-Checking, Verifikation, Analyse und Simulation},
  author={Kleuker, S.},
  isbn={9783834895950},
  series={Vieweg Studium},
  url={https://books.google.de/books?id=Gql3pv5V85cC},
  year={2009},
  publisher={Vieweg+Teubner Verlag}
}

@article{GRIES1982207,
  title = "A note on a standard strategy for developing loop invariants and loops",
  journal = "Science of Computer Programming",
  volume = "2",
  number = "3",
  pages = "207 - 214",
  year = "1982",
  note = "",
  issn = "0167-6423",
  doi = "http://dx.doi.org/10.1016/0167-6423(83)90015-1",
  url = "http://www.sciencedirect.com/science/article/pii/0167642383900151",
  author = "David Gries",
}

@misc{gate_compiler_design,
    author = "Ravindrababu Ravula",
    title = "Compiler Design online lectures",
    year = "2017",
    howpublished = {https://www.youtube.com/playlist?list=PLEbnTDJUr\_IcPtUXFy2b1sGRPsLFMghhS},
    note = "[Online; accessed 31-August-2017]"
  }
}