@online{motivation_science,
author = {Anya Kamenetz},
title = {The President Wants Every Student To Learn Computer Science. How Would That Work?},
year = {2016},
url = {http://www.npr.org/sections/ed/2016/01/12/462698966/the-president-wants-every-student-to-learn-computer-science-how-would-that-work},
OPTsubtitle = {•},
OPTtitleaddon = {•},
OPTlanguage = {•},
OPTversion = {•},
OPTnote = {•},
OPTorganization = {•},
OPTdate = {•},
OPTmonth = {•},
OPTaddendum = {•},
OPTpubstate = {•},
OPTurldate = {•},
}
